<marc:record xmlns:marc="http://www.loc.gov/MARC21/slim" xmlns:xsi="http://www.w3.org/2001/XMLSchema-instance" xsi:schemaLocation="http://www.loc.gov/MARC21/slim http://www.loc.gov/standards/marcxml/schema/MARC21slim.xsd">
  <marc:leader>00000cam a22      a 4500</marc:leader>
  <marc:controlfield tag="001">003072569</marc:controlfield>
  <marc:controlfield tag="003">OCoLC</marc:controlfield>
  <marc:controlfield tag="005">20080818112105.0</marc:controlfield>
  <marc:controlfield tag="008">860603s1969    iq       b    001 0 ara d</marc:controlfield>
  <marc:datafield tag="010" ind1=" " ind2=" ">
    <marc:subfield code="a">   73239763</marc:subfield>
  </marc:datafield>
  <marc:datafield tag="035" ind1=" " ind2=" ">
    <marc:subfield code="a">(OCoLC)82518402</marc:subfield>
  </marc:datafield>
  <marc:datafield tag="040" ind1=" " ind2=" ">
    <marc:subfield code="a">PU</marc:subfield>
    <marc:subfield code="c">PAU</marc:subfield>
    <marc:subfield code="d">PAU</marc:subfield>
    <marc:subfield code="d">OCLCA</marc:subfield>
  </marc:datafield>
  <marc:datafield tag="050" ind1="0" ind2="0">
    <marc:subfield code="a">PJ7741</marc:subfield>
    <marc:subfield code="b">.W3 1969</marc:subfield>
  </marc:datafield>
  <marc:datafield tag="100" ind1="1" ind2=" ">
    <marc:subfield code="6">01</marc:subfield>
    <marc:subfield code="a">Warrāq, Maḥmūd ibn al-Ḥasan,</marc:subfield>
    <marc:subfield code="d">d. ca. 844.</marc:subfield>
  </marc:datafield>
  <marc:datafield tag="100" ind1="1" ind2=" ">
    <marc:subfield code="6">01</marc:subfield>
    <marc:subfield code="a">وراق، محمود بن الحسن.</marc:subfield>
  </marc:datafield>
  <marc:datafield tag="240" ind1="1" ind2="0">
    <marc:subfield code="6">02</marc:subfield>
    <marc:subfield code="a">Poems</marc:subfield>
  </marc:datafield>
  <marc:datafield tag="240" ind1="1" ind2="0">
    <marc:subfield code="6">02</marc:subfield>
    <marc:subfield code="a">ديوان</marc:subfield>
  </marc:datafield>
  <marc:datafield tag="245" ind1="1" ind2="0">
    <marc:subfield code="6">03</marc:subfield>
    <marc:subfield code="a">Dīwān Maḥmūd ibn Ḥasan al-Warrāq /</marc:subfield>
    <marc:subfield code="c">jamʻ wa-taḥqīq ʻAdnān Rāghib al-ʻUbaydī.</marc:subfield>
  </marc:datafield>
  <marc:datafield tag="245" ind1="1" ind2="0">
    <marc:subfield code="6">03</marc:subfield>
    <marc:subfield code="a">ديوان محمود بن حسن الوراق /</marc:subfield>
    <marc:subfield code="c">جمع وتحقيق عدنان راغب العبيدي.</marc:subfield>
  </marc:datafield>
  <marc:datafield tag="246" ind1="1" ind2="4">
    <marc:subfield code="a">Diwan Mahmood bin Hassan el-Warrak</marc:subfield>
  </marc:datafield>
  <marc:datafield tag="260" ind1=" " ind2=" ">
    <marc:subfield code="6">04</marc:subfield>
    <marc:subfield code="a">Baghdād :</marc:subfield>
    <marc:subfield code="b">[s.n.],</marc:subfield>
    <marc:subfield code="c">1969</marc:subfield>
    <marc:subfield code="e">([Baghdad] :</marc:subfield>
    <marc:subfield code="f">Maṭbaʻat Dār al-Baṣrī)</marc:subfield>
  </marc:datafield>
  <marc:datafield tag="260" ind1=" " ind2=" ">
    <marc:subfield code="6">04</marc:subfield>
    <marc:subfield code="a">بغداد :</marc:subfield>
    <marc:subfield code="b">[د.ن.]،</marc:subfield>
    <marc:subfield code="c">1969</marc:subfield>
    <marc:subfield code="e">([بغداد] :</marc:subfield>
    <marc:subfield code="f">مطبعة دار البصري)</marc:subfield>
  </marc:datafield>
  <marc:datafield tag="300" ind1=" " ind2=" ">
    <marc:subfield code="a">194 p. ;</marc:subfield>
    <marc:subfield code="c">25 cm.</marc:subfield>
  </marc:datafield>
  <marc:datafield tag="500" ind1=" " ind2=" ">
    <marc:subfield code="6">05</marc:subfield>
    <marc:subfield code="a">"Sāʻadat Wizārat al-Tarbiyah wa-al-Taʻlīm ʻalá nashrih."</marc:subfield>
  </marc:datafield>
  <marc:datafield tag="500" ind1=" " ind2=" ">
    <marc:subfield code="6">05</marc:subfield>
    <marc:subfield code="a">"ساعدت وزارة التربية والتعليم على نشره."</marc:subfield>
  </marc:datafield>
  <marc:datafield tag="504" ind1=" " ind2=" ">
    <marc:subfield code="a">Includes bibliographical references (p. 159-177) and indexes.</marc:subfield>
  </marc:datafield>
  <marc:datafield tag="700" ind1="1" ind2=" ">
    <marc:subfield code="a">ʻUbaydī, ʻAdnān Rāghib</marc:subfield>
    <marc:subfield code="6">06</marc:subfield>
  </marc:datafield>
  <marc:datafield tag="700" ind1="1" ind2=" ">
    <marc:subfield code="6">06</marc:subfield>
    <marc:subfield code="a">عبيدي، عدنان راغب.</marc:subfield>
  </marc:datafield>
</marc:record>
